<?xml version="1.0" encoding="UTF-8"?><collection xmlns="http://www.loc.gov/MARC21/slim"><record><leader>00555nam--2200169-i-4500</leader><controlfield tag="001">000039112</controlfield><controlfield tag="002">20161230</controlfield><controlfield tag="005">20161230201042</controlfield><controlfield tag="008">060222s1000------------r-----000-0-eng-d</controlfield><datafield ind1=" " ind2=" " tag="040"><subfield code="a">IFIN-HH</subfield></datafield><datafield ind1=" " ind2=" " tag="080"><subfield code="a">801.323.2+806.0+802.0+800.935.62:62</subfield></datafield><datafield ind1="1" ind2=" " tag="100"><subfield code="a">Robb, Louis A</subfield></datafield><datafield ind1="1" ind2="0" tag="245"><subfield code="a">Engineer`s dictionary. spanish-english and english-spanish</subfield><subfield code="b">Diccionario para ingenieros espagnol-ingles e ingles-espagnol</subfield><subfield code="c">Louis a. robb</subfield></datafield><datafield ind1=" " ind2=" " tag="260"><subfield code="a">New York</subfield><subfield code="b">John Wiley &amp; Sons, Inc</subfield><subfield code="c">1956</subfield></datafield><datafield ind1=" " ind2=" " tag="300"><subfield code="a">XVI + 664P</subfield></datafield><datafield ind1=" " ind2=" " tag="852"><subfield code="a">D.58</subfield><subfield code="c">SLCH</subfield></datafield><datafield ind1=" " ind2=" " tag="CAT"><subfield code="a">Sys</subfield><subfield code="c">20130227</subfield><subfield code="h">155754</subfield></datafield></record></collection>